<record><leader>00000cas a22000007a 4500</leader><controlfield tag="001">31006229</controlfield><controlfield tag="008">940825d18901891maudr ne      0    0eng d</controlfield><datafield ind1=" " ind2=" " tag="010"><subfield code="a">sn 94055597 </subfield></datafield><datafield ind1=" " ind2=" " tag="040"><subfield code="a">MGN</subfield><subfield code="b">eng</subfield><subfield code="c">MGN</subfield><subfield code="d">OCLCQ</subfield></datafield><datafield ind1=" " ind2=" " tag="042"><subfield code="a">msc</subfield></datafield><datafield ind1="0" ind2="4" tag="245"><subfield code="a">The Morning and evening call.</subfield></datafield><datafield ind1=" " ind2=" " tag="260"><subfield code="a">Salem, Mass. :</subfield><subfield code="b">Cochrane Bros.</subfield></datafield><datafield ind1=" " ind2=" " tag="300"><subfield code="a">v.</subfield></datafield><datafield ind1=" " ind2=" " tag="310"><subfield code="a">Daily</subfield></datafield><datafield ind1="0" ind2=" " tag="362"><subfield code="a">Oct. 10, 1890-May 4, 1891.</subfield></datafield><datafield ind1=" " ind2=" " tag="500"><subfield code="a">Publishers: Cochrane Bros. (William H. and Charles H. Cochrane), Oct. 10, 1890-Jan. 7, 1891; Charles H. Cochrane, Jan. 8-Feb. 7, 1891; Morrill Smith, Feb. 9-May 4, 1891.</subfield></datafield><datafield ind1=" " ind2=" " tag="752"><subfield code="a">United States</subfield><subfield code="b">Massachusetts</subfield><subfield code="c">Essex</subfield><subfield code="d">Salem.</subfield></datafield><datafield ind1="0" ind2="7" tag="785"><subfield code="t">Marblehead enterprise</subfield><subfield code="w">(DLC)sn 94055619</subfield></datafield><datafield ind1="0" ind2="7" tag="785"><subfield code="t">Salem daily call</subfield><subfield code="w">(DLC)sn 94055598</subfield></datafield></record>